@book{Area,
author = {Area Moreira, Manuel and Gutierrez Martin, Alfonso and Vidal Fernandez, Fernando},
title = {Alfabetizacion Digital y competencias informacionales},
year = {2012},
publisher = {Alfa y Omega},
address = {Madrid}
}

@book{herz01,
author = {Herzberg, Frederick},
title = {One More Time, How Do You Motivate Employees?},
year = {1968},
publisher = {Harvard Business Review},
address = {New York}
}

@book{Larranaga,
author = {Larranaga, Pablo},
title = {El concepto de responsabilidad en la teoría del derecho contemporánea},
year = {1996},
publisher = {Universidad de Alicante},
address = {Mexico}
}

@book{Borzone,
author = {De Manrique, Borzone},
title = {Niños y maestros por el camino de la alfabetización},
year = {2004},
publisher = {Maaadre mía chavall},
address = {Buenos Aires}
}

@book{Association,
author = {America Library Association},
title = {Estandares de capacidad en alfabetizacion informativa para la educacion superior},
year = {2015},
publisher = {Chicago News},
address = {EEUU}
}

@book{Gutierrez,
author = {Gutierrez Martin, Alfonso},
title = {Alfabetizacion Digital, algo mas que ratones y teclas},
year = {2003},
publisher = {Gedisa},
address = {Madrid}
}

@book{Gutierrez,
author = {Gutierrez Martin, Alfonso},
title = {Alfabetizacion Digital, algo mas que ratones y teclas},
year = {2003},
publisher = {Gedisa},
address = {Madrid}
}

@book{sampieri,
author = {Hernández Sampieri, Roberto and Fernandez Collado, Carlos and Baptista Lucio, Pilar},
title = {Metodología de la Investigación},
year = {2014},
publisher = {Mc Graw Hill},
address = {Mexico}
}

@misc{wikiRed,
	author = {Wikipedia},
	title = {Red neuronal artificial},
	year = {2007},
	howpublished = "url: {https://es.wikipedia.org/wiki/Red\_neuronal\_artificial}",
	note = "[recuperado el 25-02-2019]"
}